<?xml version="1.0" encoding="UTF-8"?><collection xmlns="http://www.loc.gov/MARC21/slim"><record><leader>00551nam--2200193-i-4500</leader><controlfield tag="001">000002355</controlfield><controlfield tag="002">20161230</controlfield><controlfield tag="005">20161230201025</controlfield><controlfield tag="008">060222s1000------------r-----000-0-eng-d</controlfield><datafield ind1=" " ind2=" " tag="040"><subfield code="a">IFIN-HH</subfield></datafield><datafield ind1=" " ind2=" " tag="080"><subfield code="a">537.1</subfield></datafield><datafield ind1="1" ind2=" " tag="100"><subfield code="a">Fewkes, J. H</subfield></datafield><datafield ind1="1" ind2="0" tag="245"><subfield code="a">Electricity, magnetism, and atomic physics</subfield><subfield code="b">Vol. i. electricity and magnetism</subfield><subfield code="c">J.h. fewkes; j. yarwood</subfield></datafield><datafield ind1=" " ind2=" " tag="250"><subfield code="a">Second Edition</subfield></datafield><datafield ind1=" " ind2=" " tag="260"><subfield code="a">London</subfield><subfield code="b">University Tutorial Press Ltd</subfield><subfield code="c">1965</subfield></datafield><datafield ind1=" " ind2=" " tag="300"><subfield code="a">766P</subfield></datafield><datafield ind1="1" ind2=" " tag="700"><subfield code="a">Yarwood, J</subfield></datafield><datafield ind1=" " ind2=" " tag="852"><subfield code="a">22467</subfield><subfield code="c">537:538</subfield></datafield><datafield ind1=" " ind2=" " tag="CAT"><subfield code="a">Sys</subfield><subfield code="c">20110614</subfield><subfield code="h">122104</subfield></datafield></record></collection>